% --------------------------------------------------------------
@BOOK{LauraCarvalho,
 AUTHOR =	{CARVALHO,Laura B.},
 TITLE =	{Valsa Brasileira: do boom ao caos econômico},
 PUBLISHER =	{Todavia},
 ADDRESS =	{São Paulo},
 EDITION = {1ª Edição},
 YEAR =		{2018},
}
% --------------------------------------------------------------
@INCOLLECTION{CouriBijos,
  AUTHOR    = {COURI,Daniel V and BIJOS,Paulo},
  TITLE    =  {Subsídios para uma reforma orçamentária no {B}rasil},
  BOOKTITLE = {Reconstrução: O Brasil nos anos 20},
  PUBLISHER = {Saraiva Jur},
  YEAR      = {2022},
  EDITOR    = {KARPUSKA,Laura;SALTO,Felipe & VILLAVERDE,João},
  CHAPTER   = {18},
  PAGES     = {408-434},
  EDITION   = {1ª Edição},
}
% --------------------------------------------------------------
@INCOLLECTION{SaltoPolEconomica,
  AUTHOR    = {SALTO,Felipe and KARPUSKA,Laura and BARBOZA,Ricardo.},
  TITLE    =  {Política Econômica: de onde partimos e para onde vamos.},
  BOOKTITLE = {Reconstrução: O Brasil nos anos 20},
  PUBLISHER = {Saraiva Jur},
  YEAR      = {2022},
  EDITOR    = {KARPUSKA,Laura;SALTO,Felipe & VILLAVERDE,João},
  CHAPTER   = {16},
  PAGES     = {361-384},
  EDITION   = {1ª Edição},
}
% --------------------------------------------------------------
@INCOLLECTION{SaltoRegrasFiscais,
  AUTHOR    = {SALTO,Felipe and PINTO,Vilma and TINOCO,Guilherme},
  TITLE    =  {Regras Fiscais e a responsabilidade com as contas públicas},
  BOOKTITLE = {Reconstrução: O Brasil nos anos 20},
  PUBLISHER = {Saraiva Jur},
  YEAR      = {2022},
  EDITOR    = {KARPUSKA,Laura;SALTO,Felipe & VILLAVERDE,João},
  CHAPTER   = {17},
  PAGES     = {385-407},
  EDITION   = {1ª Edição},
}
% --------------------------------------------------------------
@INCOLLECTION{Giambiagi,
  AUTHOR    = {GIAMBIAGI,Fábio},
  TITLE    =  {Teto de Gastos: O que aconteceu ?},
  BOOKTITLE = {Tudo sobre o défict público: O Brasil na encruzilhada fiscal},
  PUBLISHER = {Alta Books},
  YEAR      = {2021},
  EDITOR    = {GIAMBIAGI,Fábio},
  CHAPTER   = {12},
  PAGES     = {214-236},
  EDITION   = {1ª Edição},
}
% --------------------------------------------------------------
@BOOK{Mankiw,
 AUTHOR =	{MANKIW,N. Gregory},
 TITLE =	{Macroeconomia},
 PUBLISHER =	{Atlas},
 ADDRESS =	{Rio de Janeiro},
 EDITION = {10ª Edição},
 YEAR =		{2021},
}
% --------------------------------------------------------------
@ARTICLE{MarcioGarcia,
  AUTHOR  = {GARCIA,Mário G.P.},
  TITLE   = {Economia {N}ormativa,{P}ositiva e o {R}eal},
  JOURNAL = {Estado de São Paulo},
  YEAR    = {1997},
  URL = {http://www.econ.puc-rio.br/mgarcia/Artigos/Macrometrica/ecnorm.pdf}
  URLDATE = {01/09/2022}
}
